@book{Chen2014,
  title={Linear System Theory and Design},
  author={Chen, Chi-Tsong},
  isbn={9780199964543},
  year={2014},
  publisher={Oxford University Press, Incorporated}
}

@book{Lecture_5,
  title = {Lecture 5 - State feedback},
  author={Morten D. Pedersen},
  publisher={Department of Engineering Cybernetics NTNU},
  year={2017}
}

@book{Lecture_6,
  title = {Lecture 6 - Estimated states},
  author={Morten D. Pedersen},
  publisher={Department of Engineering Cybernetics NTNU},
  year={2017}
}

@book{assignment,
  title = {TTK 4115 Helicopter lab assignment},
  volume={4.5},
  author={Kristoffer Gryte},
  publisher={Department of Engineering Cybernetics NTNU},
  year={2017}
}